<?xml version="1.0" encoding="UTF-8"?><collection xmlns="http://www.loc.gov/MARC21/slim"><record><leader>00523nam--2200181-i-4500</leader><controlfield tag="001">000021874</controlfield><controlfield tag="002">20161230</controlfield><controlfield tag="005">20161230201034</controlfield><controlfield tag="008">060222s1000------------r-----000-0-eng-d</controlfield><datafield ind1=" " ind2=" " tag="040"><subfield code="a">IFIN-HH</subfield></datafield><datafield ind1=" " ind2=" " tag="080"><subfield code="a">539.126.34:539.172.5</subfield></datafield><datafield ind1="1" ind2=" " tag="100"><subfield code="a">Kelson, I</subfield></datafield><datafield ind1="1" ind2="0" tag="245"><subfield code="a">Pi0- production by 4.2. bev pi- mesons in emulsion</subfield><subfield code="c">I. kelson, g. yekutieli</subfield></datafield><datafield ind1=" " ind2=" " tag="260"><subfield code="a">Rehovoth, Israel</subfield><subfield code="b">Department Of Nulcear Physics</subfield><subfield code="c">/F.An.</subfield></datafield><datafield ind1=" " ind2=" " tag="300"><subfield code="a">/PAG.DIF.</subfield></datafield><datafield ind1="1" ind2=" " tag="700"><subfield code="a">Yekutieli, G</subfield></datafield><datafield ind1=" " ind2=" " tag="852"><subfield code="a">18733</subfield><subfield code="c">539.12</subfield></datafield><datafield ind1=" " ind2=" " tag="CAT"><subfield code="a">Sys</subfield><subfield code="c">20111103</subfield><subfield code="h">123137</subfield></datafield></record></collection>